%YAML 1.1
%TAG !u! tag:unity3d.com,2011:
--- !u!29 &1
OcclusionCullingSettings:
  m_ObjectHideFlags: 0
  serializedVersion: 2
  m_OcclusionBakeSettings:
    smallestOccluder: 5
    smallestHole: 0.25
    backfaceThreshold: 100
  m_SceneGUID: 00000000000000000000000000000000
  m_OcclusionCullingData: {fileID: 0}
--- !u!104 &2
RenderSettings:
  m_ObjectHideFlags: 0
  serializedVersion: 9
  m_Fog: 0
  m_FogColor: {r: 0.5, g: 0.5, b: 0.5, a: 1}
  m_FogMode: 3
  m_FogDensity: 0.01
  m_LinearFogStart: 0
  m_LinearFogEnd: 300
  m_AmbientSkyColor: {r: 0.212, g: 0.227, b: 0.259, a: 1}
  m_AmbientEquatorColor: {r: 0.114, g: 0.125, b: 0.133, a: 1}
  m_AmbientGroundColor: {r: 0.047, g: 0.043, b: 0.035, a: 1}
  m_AmbientIntensity: 1
  m_AmbientMode: 0
  m_SubtractiveShadowColor: {r: 0.42, g: 0.478, b: 0.627, a: 1}
  m_SkyboxMaterial: {fileID: 2100000, guid: 20d4f77b9022eab48b4d94599ed4bf82, type: 2}
  m_HaloStrength: 0.5
  m_FlareStrength: 1
  m_FlareFadeSpeed: 3
  m_HaloTexture: {fileID: 0}
  m_SpotCookie: {fileID: 10001, guid: 0000000000000000e000000000000000, type: 0}
  m_DefaultReflectionMode: 0
  m_DefaultReflectionResolution: 256
  m_ReflectionBounces: 2
  m_ReflectionIntensity: 1
  m_CustomReflection: {fileID: 0}
  m_Sun: {fileID: 0}
  m_IndirectSpecularColor: {r: 0, g: 0, b: 0, a: 1}
  m_UseRadianceAmbientProbe: 0
--- !u!157 &3
LightmapSettings:
  m_ObjectHideFlags: 0
  serializedVersion: 11
  m_GIWorkflowMode: 0
  m_GISettings:
    serializedVersion: 2
    m_BounceScale: 1
    m_IndirectOutputScale: 1
    m_AlbedoBoost: 1
    m_TemporalCoherenceThreshold: 1
    m_EnvironmentLightingMode: 0
    m_EnableBakedLightmaps: 1
    m_EnableRealtimeLightmaps: 1
  m_LightmapEditorSettings:
    serializedVersion: 10
    m_Resolution: 2
    m_BakeResolution: 40
    m_AtlasSize: 512
    m_AO: 1
    m_AOMaxDistance: 1
    m_CompAOExponent: 1
    m_CompAOExponentDirect: 0
    m_Padding: 2
    m_LightmapParameters: {fileID: 0}
    m_LightmapsBakeMode: 1
    m_TextureCompression: 1
    m_FinalGather: 0
    m_FinalGatherFiltering: 1
    m_FinalGatherRayCount: 256
    m_ReflectionCompression: 2
    m_MixedBakeMode: 1
    m_BakeBackend: 0
    m_PVRSampling: 1
    m_PVRDirectSampleCount: 32
    m_PVRSampleCount: 500
    m_PVRBounces: 2
    m_PVRFilterTypeDirect: 0
    m_PVRFilterTypeIndirect: 0
    m_PVRFilterTypeAO: 0
    m_PVRFilteringMode: 0
    m_PVRCulling: 1
    m_PVRFilteringGaussRadiusDirect: 1
    m_PVRFilteringGaussRadiusIndirect: 5
    m_PVRFilteringGaussRadiusAO: 2
    m_PVRFilteringAtrousPositionSigmaDirect: 0.5
    m_PVRFilteringAtrousPositionSigmaIndirect: 2
    m_PVRFilteringAtrousPositionSigmaAO: 1
    m_ShowResolutionOverlay: 1
  m_LightingDataAsset: {fileID: 0}
  m_UseShadowmask: 0
--- !u!196 &4
NavMeshSettings:
  serializedVersion: 2
  m_ObjectHideFlags: 0
  m_BuildSettings:
    serializedVersion: 2
    agentTypeID: 0
    agentRadius: 0.5
    agentHeight: 2
    agentSlope: 45
    agentClimb: 0.4
    ledgeDropHeight: 0
    maxJumpAcrossDistance: 0
    minRegionArea: 2
    manualCellSize: 0
    cellSize: 0.16666667
    manualTileSize: 0
    tileSize: 256
    accuratePlacement: 0
    debug:
      m_Flags: 0
  m_NavMeshData: {fileID: 0}
--- !u!1 &35690974
GameObject:
  m_ObjectHideFlags: 0
  m_CorrespondingSourceObject: {fileID: 1819929351950984, guid: 88c20de6c1dc0f04abeaffaac0a9a6cf,
    type: 2}
  m_PrefabInternal: {fileID: 1980884457}
  serializedVersion: 6
  m_Component:
  - component: {fileID: 35690975}
  - component: {fileID: 35690978}
  - component: {fileID: 35690977}
  - component: {fileID: 35690976}
  m_Layer: 11
  m_Name: Sphere 4/10
  m_TagString: Untagged
  m_Icon: {fileID: 0}
  m_NavMeshLayer: 0
  m_StaticEditorFlags: 4294967295
  m_IsActive: 1
--- !u!4 &35690975
Transform:
  m_ObjectHideFlags: 0
  m_CorrespondingSourceObject: {fileID: 4021456742739614, guid: 88c20de6c1dc0f04abeaffaac0a9a6cf,
    type: 2}
  m_PrefabInternal: {fileID: 1980884457}
  m_GameObject: {fileID: 35690974}
  m_LocalRotation: {x: -0, y: -0, z: -0, w: 1}
  m_LocalPosition: {x: 3, y: 1.2, z: 0}
  m_LocalScale: {x: 1, y: 1, z: 1}
  m_Children:
  - {fileID: 454903284}
  - {fileID: 656801256}
  m_Father: {fileID: 636976552}
  m_RootOrder: 3
  m_LocalEulerAnglesHint: {x: 0, y: 0, z: 0}
--- !u!23 &35690976
MeshRenderer:
  m_ObjectHideFlags: 0
  m_CorrespondingSourceObject: {fileID: 23117798575693392, guid: 88c20de6c1dc0f04abeaffaac0a9a6cf,
    type: 2}
  m_PrefabInternal: {fileID: 1980884457}
  m_GameObject: {fileID: 35690974}
  m_Enabled: 1
  m_CastShadows: 1
  m_ReceiveShadows: 1
  m_DynamicOccludee: 1
  m_MotionVectors: 1
  m_LightProbeUsage: 1
  m_ReflectionProbeUsage: 1
  m_RenderingLayerMask: 4294967295
  m_Materials:
  - {fileID: 2100000, guid: eb10b6f571322b443bec8c532c088270, type: 2}
  m_StaticBatchInfo:
    firstSubMesh: 0
    subMeshCount: 0
  m_StaticBatchRoot: {fileID: 0}
  m_ProbeAnchor: {fileID: 0}
  m_LightProbeVolumeOverride: {fileID: 0}
  m_ScaleInLightmap: 1
  m_PreserveUVs: 1
  m_IgnoreNormalsForChartDetection: 0
  m_ImportantGI: 0
  m_StitchLightmapSeams: 0
  m_SelectedEditorRenderState: 3
  m_MinimumChartSize: 4
  m_AutoUVMaxDistance: 0.5
  m_AutoUVMaxAngle: 89
  m_LightmapParameters: {fileID: 0}
  m_SortingLayerID: 0
  m_SortingLayer: 0
  m_SortingOrder: 0
--- !u!135 &35690977
SphereCollider:
  m_ObjectHideFlags: 0
  m_CorrespondingSourceObject: {fileID: 135371467963733446, guid: 88c20de6c1dc0f04abeaffaac0a9a6cf,
    type: 2}
  m_PrefabInternal: {fileID: 1980884457}
  m_GameObject: {fileID: 35690974}
  m_Material: {fileID: 0}
  m_IsTrigger: 0
  m_Enabled: 1
  serializedVersion: 2
  m_Radius: 0.5
  m_Center: {x: 0, y: 0, z: 0}
--- !u!33 &35690978
MeshFilter:
  m_ObjectHideFlags: 0
  m_CorrespondingSourceObject: {fileID: 33890392107062636, guid: 88c20de6c1dc0f04abeaffaac0a9a6cf,
    type: 2}
  m_PrefabInternal: {fileID: 1980884457}
  m_GameObject: {fileID: 35690974}
  m_Mesh: {fileID: 10207, guid: 0000000000000000e000000000000000, type: 0}
--- !u!1 &256272472
GameObject:
  m_ObjectHideFlags: 0
  m_CorrespondingSourceObject: {fileID: 1480376389656750, guid: 88c20de6c1dc0f04abeaffaac0a9a6cf,
    type: 2}
  m_PrefabInternal: {fileID: 1980884457}
  serializedVersion: 6
  m_Component:
  - component: {fileID: 256272473}
  - component: {fileID: 256272476}
  - component: {fileID: 256272475}
  - component: {fileID: 256272474}
  m_Layer: 0
  m_Name: Plane
  m_TagString: Untagged
  m_Icon: {fileID: 0}
  m_NavMeshLayer: 0
  m_StaticEditorFlags: 4294967295
  m_IsActive: 1
--- !u!4 &256272473
Transform:
  m_ObjectHideFlags: 0
  m_CorrespondingSourceObject: {fileID: 4966989887771852, guid: 88c20de6c1dc0f04abeaffaac0a9a6cf,
    type: 2}
  m_PrefabInternal: {fileID: 1980884457}
  m_GameObject: {fileID: 256272472}
  m_LocalRotation: {x: -0, y: -0, z: -0, w: 1}
  m_LocalPosition: {x: 0, y: 0, z: 0}
  m_LocalScale: {x: 1, y: 1, z: 1}
  m_Children: []
  m_Father: {fileID: 636976552}
  m_RootOrder: 5
  m_LocalEulerAnglesHint: {x: 0, y: 0, z: 0}
--- !u!23 &256272474
MeshRenderer:
  m_ObjectHideFlags: 0
  m_CorrespondingSourceObject: {fileID: 23470101336099490, guid: 88c20de6c1dc0f04abeaffaac0a9a6cf,
    type: 2}
  m_PrefabInternal: {fileID: 1980884457}
  m_GameObject: {fileID: 256272472}
  m_Enabled: 1
  m_CastShadows: 1
  m_ReceiveShadows: 1
  m_DynamicOccludee: 1
  m_MotionVectors: 1
  m_LightProbeUsage: 1
  m_ReflectionProbeUsage: 3
  m_RenderingLayerMask: 4294967295
  m_Materials:
  - {fileID: 2100000, guid: abcc3c67b7d0a794f8bb91be4e85abdd, type: 2}
  m_StaticBatchInfo:
    firstSubMesh: 0
    subMeshCount: 0
  m_StaticBatchRoot: {fileID: 0}
  m_ProbeAnchor: {fileID: 0}
  m_LightProbeVolumeOverride: {fileID: 0}
  m_ScaleInLightmap: 1
  m_PreserveUVs: 1
  m_IgnoreNormalsForChartDetection: 0
  m_ImportantGI: 0
  m_StitchLightmapSeams: 0
  m_SelectedEditorRenderState: 3
  m_MinimumChartSize: 4
  m_AutoUVMaxDistance: 0.5
  m_AutoUVMaxAngle: 89
  m_LightmapParameters: {fileID: 0}
  m_SortingLayerID: 0
  m_SortingLayer: 0
  m_SortingOrder: 0
--- !u!64 &256272475
MeshCollider:
  m_ObjectHideFlags: 0
  m_CorrespondingSourceObject: {fileID: 64592609569433778, guid: 88c20de6c1dc0f04abeaffaac0a9a6cf,
    type: 2}
  m_PrefabInternal: {fileID: 1980884457}
  m_GameObject: {fileID: 256272472}
  m_Material: {fileID: 0}
  m_IsTrigger: 0
  m_Enabled: 1
  serializedVersion: 3
  m_Convex: 0
  m_CookingOptions: 14
  m_SkinWidth: 0.01
  m_Mesh: {fileID: 10209, guid: 0000000000000000e000000000000000, type: 0}
--- !u!33 &256272476
MeshFilter:
  m_ObjectHideFlags: 0
  m_CorrespondingSourceObject: {fileID: 33306647192945968, guid: 88c20de6c1dc0f04abeaffaac0a9a6cf,
    type: 2}
  m_PrefabInternal: {fileID: 1980884457}
  m_GameObject: {fileID: 256272472}
  m_Mesh: {fileID: 10209, guid: 0000000000000000e000000000000000, type: 0}
--- !u!1 &322495875
GameObject:
  m_ObjectHideFlags: 0
  m_CorrespondingSourceObject: {fileID: 1425739068514518, guid: 88c20de6c1dc0f04abeaffaac0a9a6cf,
    type: 2}
  m_PrefabInternal: {fileID: 1980884457}
  serializedVersion: 6
  m_Component:
  - component: {fileID: 322495876}
  - component: {fileID: 322495877}
  m_Layer: 0
  m_Name: Reflection Probe
  m_TagString: Untagged
  m_Icon: {fileID: 0}
  m_NavMeshLayer: 0
  m_StaticEditorFlags: 0
  m_IsActive: 1
--- !u!4 &322495876
Transform:
  m_ObjectHideFlags: 0
  m_CorrespondingSourceObject: {fileID: 4123922415482610, guid: 88c20de6c1dc0f04abeaffaac0a9a6cf,
    type: 2}
  m_PrefabInternal: {fileID: 1980884457}
  m_GameObject: {fileID: 322495875}
  m_LocalRotation: {x: -0, y: -0, z: -0, w: 1}
  m_LocalPosition: {x: 0, y: 0.06317496, z: 0}
  m_LocalScale: {x: 1, y: 1, z: 1}
  m_Children: []
  m_Father: {fileID: 1482317881}
  m_RootOrder: 0
  m_LocalEulerAnglesHint: {x: 0, y: 0, z: 0}
--- !u!215 &322495877
ReflectionProbe:
  m_ObjectHideFlags: 0
  m_CorrespondingSourceObject: {fileID: 215273260888228516, guid: 88c20de6c1dc0f04abeaffaac0a9a6cf,
    type: 2}
  m_PrefabInternal: {fileID: 1980884457}
  m_GameObject: {fileID: 322495875}
  m_Enabled: 1
  serializedVersion: 2
  m_Type: 0
  m_Mode: 1
  m_RefreshMode: 0
  m_TimeSlicingMode: 0
  m_Resolution: 512
  m_UpdateFrequency: 0
  m_BoxSize: {x: 2.1821249, y: 2.8331733, z: 2.4755678}
  m_BoxOffset: {x: -0.06899154, y: 0.07383835, z: -0.23206663}
  m_NearClip: 0.3
  m_FarClip: 1000
  m_ShadowDistance: 100
  m_ClearFlags: 1
  m_BackGroundColor: {r: 0.19215687, g: 0.3019608, b: 0.4745098, a: 0}
  m_CullingMask:
    serializedVersion: 2
    m_Bits: 4294967039
  m_IntensityMultiplier: 1
  m_BlendDistance: 1
  m_HDR: 1
  m_BoxProjection: 0
  m_RenderDynamicObjects: 1
  m_UseOcclusionCulling: 1
  m_Importance: 1
  m_CustomBakedTexture: {fileID: 0}
--- !u!1 &409526496
GameObject:
  m_ObjectHideFlags: 0
  m_CorrespondingSourceObject: {fileID: 0}
  m_PrefabInternal: {fileID: 0}
  serializedVersion: 6
  m_Component:
  - component: {fileID: 409526498}
  - component: {fileID: 409526497}
  m_Layer: 0
  m_Name: Directional light
  m_TagString: Untagged
  m_Icon: {fileID: 0}
  m_NavMeshLayer: 0
  m_StaticEditorFlags: 0
  m_IsActive: 1
--- !u!108 &409526497
Light:
  m_ObjectHideFlags: 0
  m_CorrespondingSourceObject: {fileID: 0}
  m_PrefabInternal: {fileID: 0}
  m_GameObject: {fileID: 409526496}
  m_Enabled: 1
  serializedVersion: 8
  m_Type: 1
  m_Color: {r: 1, g: 1, b: 1, a: 1}
  m_Intensity: 0.8
  m_Range: 10
  m_SpotAngle: 30
  m_CookieSize: 10
  m_Shadows:
    m_Type: 2
    m_Resolution: -1
    m_CustomResolution: -1
    m_Strength: 1
    m_Bias: 0.05
    m_NormalBias: 0.4
    m_NearPlane: 0.2
  m_Cookie: {fileID: 0}
  m_DrawHalo: 0
  m_Flare: {fileID: 0}
  m_RenderMode: 0
  m_CullingMask:
    serializedVersion: 2
    m_Bits: 4294967295
  m_Lightmapping: 4
  m_LightShadowCasterMode: 0
  m_AreaSize: {x: 1, y: 1}
  m_BounceIntensity: 1
  m_ColorTemperature: 6570
  m_UseColorTemperature: 0
  m_ShadowRadius: 0
  m_ShadowAngle: 0
--- !u!4 &409526498
Transform:
  m_ObjectHideFlags: 0
  m_CorrespondingSourceObject: {fileID: 0}
  m_PrefabInternal: {fileID: 0}
  m_GameObject: {fileID: 409526496}
  m_LocalRotation: {x: 0.38542226, y: -0.029387385, z: 0.061480522, w: 0.9202208}
  m_LocalPosition: {x: -0.4894805, y: 3.234, z: -0.188}
  m_LocalScale: {x: 1, y: 1, z: 1}
  m_Children: []
  m_Father: {fileID: 0}
  m_RootOrder: 2
  m_LocalEulerAnglesHint: {x: 45.476, y: -0.54700005, z: 7.4150004}
--- !u!1 &454903283
GameObject:
  m_ObjectHideFlags: 0
  m_CorrespondingSourceObject: {fileID: 1858630756550008, guid: 88c20de6c1dc0f04abeaffaac0a9a6cf,
    type: 2}
  m_PrefabInternal: {fileID: 1980884457}
  serializedVersion: 6
  m_Component:
  - component: {fileID: 454903284}
  - component: {fileID: 454903285}
  m_Layer: 0
  m_Name: Reflection Probe
  m_TagString: Untagged
  m_Icon: {fileID: 0}
  m_NavMeshLayer: 0
  m_StaticEditorFlags: 0
  m_IsActive: 1
--- !u!4 &454903284
Transform:
  m_ObjectHideFlags: 0
  m_CorrespondingSourceObject: {fileID: 4269806774681954, guid: 88c20de6c1dc0f04abeaffaac0a9a6cf,
    type: 2}
  m_PrefabInternal: {fileID: 1980884457}
  m_GameObject: {fileID: 454903283}
  m_LocalRotation: {x: -0, y: -0, z: -0, w: 1}
  m_LocalPosition: {x: -0.01, y: 0.06317496, z: 0.012}
  m_LocalScale: {x: 1, y: 1, z: 1}
  m_Children: []
  m_Father: {fileID: 35690975}
  m_RootOrder: 0
  m_LocalEulerAnglesHint: {x: 0, y: 0, z: 0}
--- !u!215 &454903285
ReflectionProbe:
  m_ObjectHideFlags: 0
  m_CorrespondingSourceObject: {fileID: 215772291181534534, guid: 88c20de6c1dc0f04abeaffaac0a9a6cf,
    type: 2}
  m_PrefabInternal: {fileID: 1980884457}
  m_GameObject: {fileID: 454903283}
  m_Enabled: 1
  serializedVersion: 2
  m_Type: 0
  m_Mode: 1
  m_RefreshMode: 0
  m_TimeSlicingMode: 0
  m_Resolution: 512
  m_UpdateFrequency: 0
  m_BoxSize: {x: 2.1821249, y: 2.8331733, z: 1.9228041}
  m_BoxOffset: {x: -0.06899154, y: 0.07383835, z: -0.20782173}
  m_NearClip: 0.3
  m_FarClip: 1000
  m_ShadowDistance: 100
  m_ClearFlags: 1
  m_BackGroundColor: {r: 0.19215687, g: 0.3019608, b: 0.4745098, a: 0}
  m_CullingMask:
    serializedVersion: 2
    m_Bits: 4294965247
  m_IntensityMultiplier: 1
  m_BlendDistance: 1
  m_HDR: 1
  m_BoxProjection: 0
  m_RenderDynamicObjects: 1
  m_UseOcclusionCulling: 1
  m_Importance: 1
  m_CustomBakedTexture: {fileID: 0}
--- !u!1 &509259362
GameObject:
  m_ObjectHideFlags: 0
  m_CorrespondingSourceObject: {fileID: 1646325129500086, guid: 88c20de6c1dc0f04abeaffaac0a9a6cf,
    type: 2}
  m_PrefabInternal: {fileID: 1980884457}
  serializedVersion: 6
  m_Component:
  - component: {fileID: 509259363}
  - component: {fileID: 509259366}
  - component: {fileID: 509259365}
  - component: {fileID: 509259364}
  m_Layer: 9
  m_Name: Cube
  m_TagString: Untagged
  m_Icon: {fileID: 0}
  m_NavMeshLayer: 0
  m_StaticEditorFlags: 4294967295
  m_IsActive: 1
--- !u!4 &509259363
Transform:
  m_ObjectHideFlags: 0
  m_CorrespondingSourceObject: {fileID: 4585164413535350, guid: 88c20de6c1dc0f04abeaffaac0a9a6cf,
    type: 2}
  m_PrefabInternal: {fileID: 1980884457}
  m_GameObject: {fileID: 509259362}
  m_LocalRotation: {x: -0, y: -0, z: -0, w: 1}
  m_LocalPosition: {x: 0, y: -0.70000005, z: 0}
  m_LocalScale: {x: 1, y: 1, z: 1}
  m_Children: []
  m_Father: {fileID: 1373652308}
  m_RootOrder: 0
  m_LocalEulerAnglesHint: {x: 0, y: 0, z: 0}
--- !u!23 &509259364
MeshRenderer:
  m_ObjectHideFlags: 0
  m_CorrespondingSourceObject: {fileID: 23372505803334854, guid: 88c20de6c1dc0f04abeaffaac0a9a6cf,
    type: 2}
  m_PrefabInternal: {fileID: 1980884457}
  m_GameObject: {fileID: 509259362}
  m_Enabled: 1
  m_CastShadows: 1
  m_ReceiveShadows: 1
  m_DynamicOccludee: 1
  m_MotionVectors: 1
  m_LightProbeUsage: 1
  m_ReflectionProbeUsage: 2
  m_RenderingLayerMask: 4294967295
  m_Materials:
  - {fileID: 2100000, guid: abcc3c67b7d0a794f8bb91be4e85abdd, type: 2}
  m_StaticBatchInfo:
    firstSubMesh: 0
    subMeshCount: 0
  m_StaticBatchRoot: {fileID: 0}
  m_ProbeAnchor: {fileID: 0}
  m_LightProbeVolumeOverride: {fileID: 0}
  m_ScaleInLightmap: 1
  m_PreserveUVs: 1
  m_IgnoreNormalsForChartDetection: 0
  m_ImportantGI: 0
  m_StitchLightmapSeams: 0
  m_SelectedEditorRenderState: 3
  m_MinimumChartSize: 4
  m_AutoUVMaxDistance: 0.5
  m_AutoUVMaxAngle: 89
  m_LightmapParameters: {fileID: 0}
  m_SortingLayerID: 0
  m_SortingLayer: 0
  m_SortingOrder: 0
--- !u!65 &509259365
BoxCollider:
  m_ObjectHideFlags: 0
  m_CorrespondingSourceObject: {fileID: 65485205355047570, guid: 88c20de6c1dc0f04abeaffaac0a9a6cf,
    type: 2}
  m_PrefabInternal: {fileID: 1980884457}
  m_GameObject: {fileID: 509259362}
  m_Material: {fileID: 0}
  m_IsTrigger: 0
  m_Enabled: 1
  serializedVersion: 2
  m_Size: {x: 1, y: 1, z: 1}
  m_Center: {x: 0, y: 0, z: 0}
--- !u!33 &509259366
MeshFilter:
  m_ObjectHideFlags: 0
  m_CorrespondingSourceObject: {fileID: 33235840402209806, guid: 88c20de6c1dc0f04abeaffaac0a9a6cf,
    type: 2}
  m_PrefabInternal: {fileID: 1980884457}
  m_GameObject: {fileID: 509259362}
  m_Mesh: {fileID: 10202, guid: 0000000000000000e000000000000000, type: 0}
--- !u!1 &636976551
GameObject:
  m_ObjectHideFlags: 0
  m_CorrespondingSourceObject: {fileID: 1034026176227000, guid: 88c20de6c1dc0f04abeaffaac0a9a6cf,
    type: 2}
  m_PrefabInternal: {fileID: 1980884457}
  serializedVersion: 6
  m_Component:
  - component: {fileID: 636976552}
  m_Layer: 0
  m_Name: DemoObjects
  m_TagString: Untagged
  m_Icon: {fileID: 0}
  m_NavMeshLayer: 0
  m_StaticEditorFlags: 0
  m_IsActive: 1
--- !u!4 &636976552
Transform:
  m_ObjectHideFlags: 0
  m_CorrespondingSourceObject: {fileID: 4934344442018756, guid: 88c20de6c1dc0f04abeaffaac0a9a6cf,
    type: 2}
  m_PrefabInternal: {fileID: 1980884457}
  m_GameObject: {fileID: 636976551}
  m_LocalRotation: {x: 0, y: 0, z: 0, w: 1}
  m_LocalPosition: {x: 0, y: 0, z: 0}
  m_LocalScale: {x: 1, y: 1, z: 1}
  m_Children:
  - {fileID: 1482317881}
  - {fileID: 1373652308}
  - {fileID: 1335745923}
  - {fileID: 35690975}
  - {fileID: 966894898}
  - {fileID: 256272473}
  m_Father: {fileID: 0}
  m_RootOrder: 1
  m_LocalEulerAnglesHint: {x: 0, y: 0, z: 0}
--- !u!1 &656801255
GameObject:
  m_ObjectHideFlags: 0
  m_CorrespondingSourceObject: {fileID: 1842634361512016, guid: 88c20de6c1dc0f04abeaffaac0a9a6cf,
    type: 2}
  m_PrefabInternal: {fileID: 1980884457}
  serializedVersion: 6
  m_Component:
  - component: {fileID: 656801256}
  - component: {fileID: 656801259}
  - component: {fileID: 656801258}
  - component: {fileID: 656801257}
  m_Layer: 11
  m_Name: Cube
  m_TagString: Untagged
  m_Icon: {fileID: 0}
  m_NavMeshLayer: 0
  m_StaticEditorFlags: 4294967295
  m_IsActive: 1
--- !u!4 &656801256
Transform:
  m_ObjectHideFlags: 0
  m_CorrespondingSourceObject: {fileID: 4938538743279590, guid: 88c20de6c1dc0f04abeaffaac0a9a6cf,
    type: 2}
  m_PrefabInternal: {fileID: 1980884457}
  m_GameObject: {fileID: 656801255}
  m_LocalRotation: {x: -0, y: -0, z: -0, w: 1}
  m_LocalPosition: {x: 0, y: -0.70000005, z: 0}
  m_LocalScale: {x: 1, y: 1, z: 1}
  m_Children: []
  m_Father: {fileID: 35690975}
  m_RootOrder: 1
  m_LocalEulerAnglesHint: {x: 0, y: 0, z: 0}
--- !u!23 &656801257
MeshRenderer:
  m_ObjectHideFlags: 0
  m_CorrespondingSourceObject: {fileID: 23931689888316860, guid: 88c20de6c1dc0f04abeaffaac0a9a6cf,
    type: 2}
  m_PrefabInternal: {fileID: 1980884457}
  m_GameObject: {fileID: 656801255}
  m_Enabled: 1
  m_CastShadows: 1
  m_ReceiveShadows: 1
  m_DynamicOccludee: 1
  m_MotionVectors: 1
  m_LightProbeUsage: 1
  m_ReflectionProbeUsage: 1
  m_RenderingLayerMask: 4294967295
  m_Materials:
  - {fileID: 2100000, guid: eb10b6f571322b443bec8c532c088270, type: 2}
  m_StaticBatchInfo:
    firstSubMesh: 0
    subMeshCount: 0
  m_StaticBatchRoot: {fileID: 0}
  m_ProbeAnchor: {fileID: 0}
  m_LightProbeVolumeOverride: {fileID: 0}
  m_ScaleInLightmap: 1
  m_PreserveUVs: 1
  m_IgnoreNormalsForChartDetection: 0
  m_ImportantGI: 0
  m_StitchLightmapSeams: 0
  m_SelectedEditorRenderState: 3
  m_MinimumChartSize: 4
  m_AutoUVMaxDistance: 0.5
  m_AutoUVMaxAngle: 89
  m_LightmapParameters: {fileID: 0}
  m_SortingLayerID: 0
  m_SortingLayer: 0
  m_SortingOrder: 0
--- !u!65 &656801258
BoxCollider:
  m_ObjectHideFlags: 0
  m_CorrespondingSourceObject: {fileID: 65918768619148394, guid: 88c20de6c1dc0f04abeaffaac0a9a6cf,
    type: 2}
  m_PrefabInternal: {fileID: 1980884457}
  m_GameObject: {fileID: 656801255}
  m_Material: {fileID: 0}
  m_IsTrigger: 0
  m_Enabled: 1
  serializedVersion: 2
  m_Size: {x: 1, y: 1, z: 1}
  m_Center: {x: 0, y: 0, z: 0}
--- !u!33 &656801259
MeshFilter:
  m_ObjectHideFlags: 0
  m_CorrespondingSourceObject: {fileID: 33203118931350252, guid: 88c20de6c1dc0f04abeaffaac0a9a6cf,
    type: 2}
  m_PrefabInternal: {fileID: 1980884457}
  m_GameObject: {fileID: 656801255}
  m_Mesh: {fileID: 10202, guid: 0000000000000000e000000000000000, type: 0}
--- !u!1 &843331567
GameObject:
  m_ObjectHideFlags: 0
  m_CorrespondingSourceObject: {fileID: 0}
  m_PrefabInternal: {fileID: 0}
  serializedVersion: 6
  m_Component:
  - component: {fileID: 843331572}
  - component: {fileID: 843331571}
  - component: {fileID: 843331570}
  - component: {fileID: 843331569}
  - component: {fileID: 843331568}
  m_Layer: 0
  m_Name: Main Camera
  m_TagString: MainCamera
  m_Icon: {fileID: 0}
  m_NavMeshLayer: 0
  m_StaticEditorFlags: 0
  m_IsActive: 1
--- !u!81 &843331568
AudioListener:
  m_ObjectHideFlags: 0
  m_CorrespondingSourceObject: {fileID: 0}
  m_PrefabInternal: {fileID: 0}
  m_GameObject: {fileID: 843331567}
  m_Enabled: 1
--- !u!124 &843331569
Behaviour:
  m_ObjectHideFlags: 0
  m_CorrespondingSourceObject: {fileID: 0}
  m_PrefabInternal: {fileID: 0}
  m_GameObject: {fileID: 843331567}
  m_Enabled: 1
--- !u!92 &843331570
Behaviour:
  m_ObjectHideFlags: 0
  m_CorrespondingSourceObject: {fileID: 0}
  m_PrefabInternal: {fileID: 0}
  m_GameObject: {fileID: 843331567}
  m_Enabled: 1
--- !u!20 &843331571
Camera:
  m_ObjectHideFlags: 0
  m_CorrespondingSourceObject: {fileID: 0}
  m_PrefabInternal: {fileID: 0}
  m_GameObject: {fileID: 843331567}
  m_Enabled: 1
  serializedVersion: 2
  m_ClearFlags: 1
  m_BackGroundColor: {r: 0.19215687, g: 0.3019608, b: 0.4745098, a: 0}
  m_projectionMatrixMode: 1
  m_SensorSize: {x: 36, y: 24}
  m_LensShift: {x: 0, y: 0}
  m_FocalLength: 50
  m_NormalizedViewPortRect:
    serializedVersion: 2
    x: 0
    y: 0
    width: 1
    height: 1
  near clip plane: 0.3
  far clip plane: 1000
  field of view: 60
  orthographic: 0
  orthographic size: 5
  m_Depth: -1
  m_CullingMask:
    serializedVersion: 2
    m_Bits: 4294967295
  m_RenderingPath: -1
  m_TargetTexture: {fileID: 0}
  m_TargetDisplay: 0
  m_TargetEye: 3
  m_HDR: 1
  m_AllowMSAA: 1
  m_AllowDynamicResolution: 0
  m_ForceIntoRT: 0
  m_OcclusionCulling: 1
  m_StereoConvergence: 10
  m_StereoSeparation: 0.022
--- !u!4 &843331572
Transform:
  m_ObjectHideFlags: 0
  m_CorrespondingSourceObject: {fileID: 0}
  m_PrefabInternal: {fileID: 0}
  m_GameObject: {fileID: 843331567}
  m_LocalRotation: {x: 0.030260773, y: 0.9049638, z: -0.08582491, w: 0.41564277}
  m_LocalPosition: {x: -5.723, y: 2.336, z: 4.773}
  m_LocalScale: {x: 1, y: 1, z: 1}
  m_Children: []
  m_Father: {fileID: 0}
  m_RootOrder: 0
  m_LocalEulerAnglesHint: {x: 10.398001, y: 130.574, z: -0.966}
--- !u!1 &916204678
GameObject:
  m_ObjectHideFlags: 0
  m_CorrespondingSourceObject: {fileID: 1355006576138142, guid: 88c20de6c1dc0f04abeaffaac0a9a6cf,
    type: 2}
  m_PrefabInternal: {fileID: 1980884457}
  serializedVersion: 6
  m_Component:
  - component: {fileID: 916204679}
  - component: {fileID: 916204682}
  - component: {fileID: 916204681}
  - component: {fileID: 916204680}
  m_Layer: 10
  m_Name: Cube
  m_TagString: Untagged
  m_Icon: {fileID: 0}
  m_NavMeshLayer: 0
  m_StaticEditorFlags: 4294967295
  m_IsActive: 1
--- !u!4 &916204679
Transform:
  m_ObjectHideFlags: 0
  m_CorrespondingSourceObject: {fileID: 4617857512883566, guid: 88c20de6c1dc0f04abeaffaac0a9a6cf,
    type: 2}
  m_PrefabInternal: {fileID: 1980884457}
  m_GameObject: {fileID: 916204678}
  m_LocalRotation: {x: -0, y: -0, z: -0, w: 1}
  m_LocalPosition: {x: 0, y: -0.70000005, z: 0}
  m_LocalScale: {x: 1, y: 1, z: 1}
  m_Children: []
  m_Father: {fileID: 1335745923}
  m_RootOrder: 1
  m_LocalEulerAnglesHint: {x: 0, y: 0, z: 0}
--- !u!23 &916204680
MeshRenderer:
  m_ObjectHideFlags: 0
  m_CorrespondingSourceObject: {fileID: 23684612604043742, guid: 88c20de6c1dc0f04abeaffaac0a9a6cf,
    type: 2}
  m_PrefabInternal: {fileID: 1980884457}
  m_GameObject: {fileID: 916204678}
  m_Enabled: 1
  m_CastShadows: 1
  m_ReceiveShadows: 1
  m_DynamicOccludee: 1
  m_MotionVectors: 1
  m_LightProbeUsage: 1
  m_ReflectionProbeUsage: 2
  m_RenderingLayerMask: 4294967295
  m_Materials:
  - {fileID: 2100000, guid: 964f6a34e2240bf45940918b112ce7be, type: 2}
  m_StaticBatchInfo:
    firstSubMesh: 0
    subMeshCount: 0
  m_StaticBatchRoot: {fileID: 0}
  m_ProbeAnchor: {fileID: 0}
  m_LightProbeVolumeOverride: {fileID: 0}
  m_ScaleInLightmap: 1
  m_PreserveUVs: 1
  m_IgnoreNormalsForChartDetection: 0
  m_ImportantGI: 0
  m_StitchLightmapSeams: 0
  m_SelectedEditorRenderState: 3
  m_MinimumChartSize: 4
  m_AutoUVMaxDistance: 0.5
  m_AutoUVMaxAngle: 89
  m_LightmapParameters: {fileID: 0}
  m_SortingLayerID: 0
  m_SortingLayer: 0
  m_SortingOrder: 0
--- !u!65 &916204681
BoxCollider:
  m_ObjectHideFlags: 0
  m_CorrespondingSourceObject: {fileID: 65838407286517214, guid: 88c20de6c1dc0f04abeaffaac0a9a6cf,
    type: 2}
  m_PrefabInternal: {fileID: 1980884457}
  m_GameObject: {fileID: 916204678}
  m_Material: {fileID: 0}
  m_IsTrigger: 0
  m_Enabled: 1
  serializedVersion: 2
  m_Size: {x: 1, y: 1, z: 1}
  m_Center: {x: 0, y: 0, z: 0}
--- !u!33 &916204682
MeshFilter:
  m_ObjectHideFlags: 0
  m_CorrespondingSourceObject: {fileID: 33725590161859174, guid: 88c20de6c1dc0f04abeaffaac0a9a6cf,
    type: 2}
  m_PrefabInternal: {fileID: 1980884457}
  m_GameObject: {fileID: 916204678}
  m_Mesh: {fileID: 10202, guid: 0000000000000000e000000000000000, type: 0}
--- !u!1 &966894897
GameObject:
  m_ObjectHideFlags: 0
  m_CorrespondingSourceObject: {fileID: 1620181905657374, guid: 88c20de6c1dc0f04abeaffaac0a9a6cf,
    type: 2}
  m_PrefabInternal: {fileID: 1980884457}
  serializedVersion: 6
  m_Component:
  - component: {fileID: 966894898}
  - component: {fileID: 966894901}
  - component: {fileID: 966894900}
  - component: {fileID: 966894899}
  m_Layer: 12
  m_Name: Sphere 2/10
  m_TagString: Untagged
  m_Icon: {fileID: 0}
  m_NavMeshLayer: 0
  m_StaticEditorFlags: 4294967295
  m_IsActive: 1
--- !u!4 &966894898
Transform:
  m_ObjectHideFlags: 0
  m_CorrespondingSourceObject: {fileID: 4334560254728742, guid: 88c20de6c1dc0f04abeaffaac0a9a6cf,
    type: 2}
  m_PrefabInternal: {fileID: 1980884457}
  m_GameObject: {fileID: 966894897}
  m_LocalRotation: {x: -0, y: -0, z: -0, w: 1}
  m_LocalPosition: {x: 0, y: 1.2, z: -3}
  m_LocalScale: {x: 1, y: 1, z: 1}
  m_Children:
  - {fileID: 1463403430}
  m_Father: {fileID: 636976552}
  m_RootOrder: 4
  m_LocalEulerAnglesHint: {x: 0, y: 0, z: 0}
--- !u!23 &966894899
MeshRenderer:
  m_ObjectHideFlags: 0
  m_CorrespondingSourceObject: {fileID: 23670919240028110, guid: 88c20de6c1dc0f04abeaffaac0a9a6cf,
    type: 2}
  m_PrefabInternal: {fileID: 1980884457}
  m_GameObject: {fileID: 966894897}
  m_Enabled: 1
  m_CastShadows: 1
  m_ReceiveShadows: 1
  m_DynamicOccludee: 1
  m_MotionVectors: 1
  m_LightProbeUsage: 1
  m_ReflectionProbeUsage: 2
  m_RenderingLayerMask: 4294967295
  m_Materials:
  - {fileID: 2100000, guid: db3bceb128d32144ca6fd4550ac256bc, type: 2}
  m_StaticBatchInfo:
    firstSubMesh: 0
    subMeshCount: 0
  m_StaticBatchRoot: {fileID: 0}
  m_ProbeAnchor: {fileID: 0}
  m_LightProbeVolumeOverride: {fileID: 0}
  m_ScaleInLightmap: 1
  m_PreserveUVs: 1
  m_IgnoreNormalsForChartDetection: 0
  m_ImportantGI: 0
  m_StitchLightmapSeams: 0
  m_SelectedEditorRenderState: 3
  m_MinimumChartSize: 4
  m_AutoUVMaxDistance: 0.5
  m_AutoUVMaxAngle: 89
  m_LightmapParameters: {fileID: 0}
  m_SortingLayerID: 0
  m_SortingLayer: 0
  m_SortingOrder: 0
--- !u!135 &966894900
SphereCollider:
  m_ObjectHideFlags: 0
  m_CorrespondingSourceObject: {fileID: 135437102159556278, guid: 88c20de6c1dc0f04abeaffaac0a9a6cf,
    type: 2}
  m_PrefabInternal: {fileID: 1980884457}
  m_GameObject: {fileID: 966894897}
  m_Material: {fileID: 0}
  m_IsTrigger: 0
  m_Enabled: 1
  serializedVersion: 2
  m_Radius: 0.5
  m_Center: {x: 0, y: 0, z: 0}
--- !u!33 &966894901
MeshFilter:
  m_ObjectHideFlags: 0
  m_CorrespondingSourceObject: {fileID: 33143664628153274, guid: 88c20de6c1dc0f04abeaffaac0a9a6cf,
    type: 2}
  m_PrefabInternal: {fileID: 1980884457}
  m_GameObject: {fileID: 966894897}
  m_Mesh: {fileID: 10207, guid: 0000000000000000e000000000000000, type: 0}
--- !u!1 &1054750071
GameObject:
  m_ObjectHideFlags: 0
  m_CorrespondingSourceObject: {fileID: 1207948963076162, guid: 88c20de6c1dc0f04abeaffaac0a9a6cf,
    type: 2}
  m_PrefabInternal: {fileID: 1980884457}
  serializedVersion: 6
  m_Component:
  - component: {fileID: 1054750072}
  - component: {fileID: 1054750073}
  m_Layer: 0
  m_Name: Reflection Probe
  m_TagString: Untagged
  m_Icon: {fileID: 0}
  m_NavMeshLayer: 0
  m_StaticEditorFlags: 0
  m_IsActive: 1
--- !u!4 &1054750072
Transform:
  m_ObjectHideFlags: 0
  m_CorrespondingSourceObject: {fileID: 4432484994539112, guid: 88c20de6c1dc0f04abeaffaac0a9a6cf,
    type: 2}
  m_PrefabInternal: {fileID: 1980884457}
  m_GameObject: {fileID: 1054750071}
  m_LocalRotation: {x: -0, y: -0, z: -0, w: 1}
  m_LocalPosition: {x: 0, y: 0.06317496, z: 0.0071258545}
  m_LocalScale: {x: 1, y: 1, z: 1}
  m_Children: []
  m_Father: {fileID: 1335745923}
  m_RootOrder: 0
  m_LocalEulerAnglesHint: {x: 0, y: 0, z: 0}
--- !u!215 &1054750073
ReflectionProbe:
  m_ObjectHideFlags: 0
  m_CorrespondingSourceObject: {fileID: 215996755178748940, guid: 88c20de6c1dc0f04abeaffaac0a9a6cf,
    type: 2}
  m_PrefabInternal: {fileID: 1980884457}
  m_GameObject: {fileID: 1054750071}
  m_Enabled: 1
  serializedVersion: 2
  m_Type: 0
  m_Mode: 1
  m_RefreshMode: 0
  m_TimeSlicingMode: 0
  m_Resolution: 512
  m_UpdateFrequency: 0
  m_BoxSize: {x: 2.1821249, y: 2.8331733, z: 1.9228041}
  m_BoxOffset: {x: -0.06899154, y: 0.07383835, z: -0.20782173}
  m_NearClip: 0.3
  m_FarClip: 1000
  m_ShadowDistance: 100
  m_ClearFlags: 1
  m_BackGroundColor: {r: 0.19215687, g: 0.3019608, b: 0.4745098, a: 0}
  m_CullingMask:
    serializedVersion: 2
    m_Bits: 4294966271
  m_IntensityMultiplier: 1
  m_BlendDistance: 1
  m_HDR: 1
  m_BoxProjection: 0
  m_RenderDynamicObjects: 1
  m_UseOcclusionCulling: 1
  m_Importance: 1
  m_CustomBakedTexture: {fileID: 0}
--- !u!1 &1240814534
GameObject:
  m_ObjectHideFlags: 0
  m_CorrespondingSourceObject: {fileID: 1653700269310046, guid: 88c20de6c1dc0f04abeaffaac0a9a6cf,
    type: 2}
  m_PrefabInternal: {fileID: 1980884457}
  serializedVersion: 6
  m_Component:
  - component: {fileID: 1240814535}
  - component: {fileID: 1240814536}
  m_Layer: 0
  m_Name: Reflection Probe (1)
  m_TagString: Untagged
  m_Icon: {fileID: 0}
  m_NavMeshLayer: 0
  m_StaticEditorFlags: 0
  m_IsActive: 1
--- !u!4 &1240814535
Transform:
  m_ObjectHideFlags: 0
  m_CorrespondingSourceObject: {fileID: 4337315262327390, guid: 88c20de6c1dc0f04abeaffaac0a9a6cf,
    type: 2}
  m_PrefabInternal: {fileID: 1980884457}
  m_GameObject: {fileID: 1240814534}
  m_LocalRotation: {x: -0, y: -0, z: -0, w: 1}
  m_LocalPosition: {x: 0, y: -0.020097733, z: 0}
  m_LocalScale: {x: 1, y: 1, z: 1}
  m_Children: []
  m_Father: {fileID: 1373652308}
  m_RootOrder: 1
  m_LocalEulerAnglesHint: {x: 0, y: 0, z: 0}
--- !u!215 &1240814536
ReflectionProbe:
  m_ObjectHideFlags: 0
  m_CorrespondingSourceObject: {fileID: 215428470545105882, guid: 88c20de6c1dc0f04abeaffaac0a9a6cf,
    type: 2}
  m_PrefabInternal: {fileID: 1980884457}
  m_GameObject: {fileID: 1240814534}
  m_Enabled: 1
  serializedVersion: 2
  m_Type: 0
  m_Mode: 1
  m_RefreshMode: 0
  m_TimeSlicingMode: 0
  m_Resolution: 512
  m_UpdateFrequency: 0
  m_BoxSize: {x: 2.7702398, y: 2.8331733, z: 2.3436346}
  m_BoxOffset: {x: -0.16893959, y: 0.16882706, z: -0.15531254}
  m_NearClip: 0.3
  m_FarClip: 1000
  m_ShadowDistance: 100
  m_ClearFlags: 1
  m_BackGroundColor: {r: 0.19215687, g: 0.3019608, b: 0.4745098, a: 0}
  m_CullingMask:
    serializedVersion: 2
    m_Bits: 4294966783
  m_IntensityMultiplier: 1
  m_BlendDistance: 1
  m_HDR: 1
  m_BoxProjection: 0
  m_RenderDynamicObjects: 1
  m_UseOcclusionCulling: 1
  m_Importance: 1
  m_CustomBakedTexture: {fileID: 0}
--- !u!1 &1335745922
GameObject:
  m_ObjectHideFlags: 0
  m_CorrespondingSourceObject: {fileID: 1329241636460970, guid: 88c20de6c1dc0f04abeaffaac0a9a6cf,
    type: 2}
  m_PrefabInternal: {fileID: 1980884457}
  serializedVersion: 6
  m_Component:
  - component: {fileID: 1335745923}
  - component: {fileID: 1335745926}
  - component: {fileID: 1335745925}
  - component: {fileID: 1335745924}
  m_Layer: 10
  m_Name: Sphere 6/10
  m_TagString: Untagged
  m_Icon: {fileID: 0}
  m_NavMeshLayer: 0
  m_StaticEditorFlags: 4294967295
  m_IsActive: 1
--- !u!4 &1335745923
Transform:
  m_ObjectHideFlags: 0
  m_CorrespondingSourceObject: {fileID: 4177331993782376, guid: 88c20de6c1dc0f04abeaffaac0a9a6cf,
    type: 2}
  m_PrefabInternal: {fileID: 1980884457}
  m_GameObject: {fileID: 1335745922}
  m_LocalRotation: {x: -0, y: -0, z: -0, w: 1}
  m_LocalPosition: {x: 0, y: 1.2, z: 3}
  m_LocalScale: {x: 1, y: 1, z: 1}
  m_Children:
  - {fileID: 1054750072}
  - {fileID: 916204679}
  m_Father: {fileID: 636976552}
  m_RootOrder: 2
  m_LocalEulerAnglesHint: {x: 0, y: 0, z: 0}
--- !u!23 &1335745924
MeshRenderer:
  m_ObjectHideFlags: 0
  m_CorrespondingSourceObject: {fileID: 23020722786324260, guid: 88c20de6c1dc0f04abeaffaac0a9a6cf,
    type: 2}
  m_PrefabInternal: {fileID: 1980884457}
  m_GameObject: {fileID: 1335745922}
  m_Enabled: 1
  m_CastShadows: 1
  m_ReceiveShadows: 1
  m_DynamicOccludee: 1
  m_MotionVectors: 1
  m_LightProbeUsage: 1
  m_ReflectionProbeUsage: 1
  m_RenderingLayerMask: 4294967295
  m_Materials:
  - {fileID: 2100000, guid: 964f6a34e2240bf45940918b112ce7be, type: 2}
  m_StaticBatchInfo:
    firstSubMesh: 0
    subMeshCount: 0
  m_StaticBatchRoot: {fileID: 0}
  m_ProbeAnchor: {fileID: 0}
  m_LightProbeVolumeOverride: {fileID: 0}
  m_ScaleInLightmap: 1
  m_PreserveUVs: 1
  m_IgnoreNormalsForChartDetection: 0
  m_ImportantGI: 0
  m_StitchLightmapSeams: 0
  m_SelectedEditorRenderState: 3
  m_MinimumChartSize: 4
  m_AutoUVMaxDistance: 0.5
  m_AutoUVMaxAngle: 89
  m_LightmapParameters: {fileID: 0}
  m_SortingLayerID: 0
  m_SortingLayer: 0
  m_SortingOrder: 0
--- !u!135 &1335745925
SphereCollider:
  m_ObjectHideFlags: 0
  m_CorrespondingSourceObject: {fileID: 135817325491017912, guid: 88c20de6c1dc0f04abeaffaac0a9a6cf,
    type: 2}
  m_PrefabInternal: {fileID: 1980884457}
  m_GameObject: {fileID: 1335745922}
  m_Material: {fileID: 0}
  m_IsTrigger: 0
  m_Enabled: 1
  serializedVersion: 2
  m_Radius: 0.5
  m_Center: {x: 0, y: 0, z: 0}
--- !u!33 &1335745926
MeshFilter:
  m_ObjectHideFlags: 0
  m_CorrespondingSourceObject: {fileID: 33736040794150394, guid: 88c20de6c1dc0f04abeaffaac0a9a6cf,
    type: 2}
  m_PrefabInternal: {fileID: 1980884457}
  m_GameObject: {fileID: 1335745922}
  m_Mesh: {fileID: 10207, guid: 0000000000000000e000000000000000, type: 0}
--- !u!1 &1373652307
GameObject:
  m_ObjectHideFlags: 0
  m_CorrespondingSourceObject: {fileID: 1781536671759404, guid: 88c20de6c1dc0f04abeaffaac0a9a6cf,
    type: 2}
  m_PrefabInternal: {fileID: 1980884457}
  serializedVersion: 6
  m_Component:
  - component: {fileID: 1373652308}
  - component: {fileID: 1373652311}
  - component: {fileID: 1373652310}
  - component: {fileID: 1373652309}
  m_Layer: 9
  m_Name: Sphere 8/10
  m_TagString: Untagged
  m_Icon: {fileID: 0}
  m_NavMeshLayer: 0
  m_StaticEditorFlags: 4294967295
  m_IsActive: 1
--- !u!4 &1373652308
Transform:
  m_ObjectHideFlags: 0
  m_CorrespondingSourceObject: {fileID: 4352419248395864, guid: 88c20de6c1dc0f04abeaffaac0a9a6cf,
    type: 2}
  m_PrefabInternal: {fileID: 1980884457}
  m_GameObject: {fileID: 1373652307}
  m_LocalRotation: {x: -0, y: -0, z: -0, w: 1}
  m_LocalPosition: {x: -3, y: 1.2, z: 0}
  m_LocalScale: {x: 1, y: 1, z: 1}
  m_Children:
  - {fileID: 509259363}
  - {fileID: 1240814535}
  m_Father: {fileID: 636976552}
  m_RootOrder: 1
  m_LocalEulerAnglesHint: {x: 0, y: 0, z: 0}
--- !u!23 &1373652309
MeshRenderer:
  m_ObjectHideFlags: 0
  m_CorrespondingSourceObject: {fileID: 23824224364445998, guid: 88c20de6c1dc0f04abeaffaac0a9a6cf,
    type: 2}
  m_PrefabInternal: {fileID: 1980884457}
  m_GameObject: {fileID: 1373652307}
  m_Enabled: 1
  m_CastShadows: 1
  m_ReceiveShadows: 1
  m_DynamicOccludee: 1
  m_MotionVectors: 1
  m_LightProbeUsage: 1
  m_ReflectionProbeUsage: 2
  m_RenderingLayerMask: 4294967295
  m_Materials:
  - {fileID: 2100000, guid: abcc3c67b7d0a794f8bb91be4e85abdd, type: 2}
  m_StaticBatchInfo:
    firstSubMesh: 0
    subMeshCount: 0
  m_StaticBatchRoot: {fileID: 0}
  m_ProbeAnchor: {fileID: 0}
  m_LightProbeVolumeOverride: {fileID: 0}
  m_ScaleInLightmap: 1
  m_PreserveUVs: 1
  m_IgnoreNormalsForChartDetection: 0
  m_ImportantGI: 0
  m_StitchLightmapSeams: 0
  m_SelectedEditorRenderState: 3
  m_MinimumChartSize: 4
  m_AutoUVMaxDistance: 0.5
  m_AutoUVMaxAngle: 89
  m_LightmapParameters: {fileID: 0}
  m_SortingLayerID: 0
  m_SortingLayer: 0
  m_SortingOrder: 0
--- !u!135 &1373652310
SphereCollider:
  m_ObjectHideFlags: 0
  m_CorrespondingSourceObject: {fileID: 135739201101128418, guid: 88c20de6c1dc0f04abeaffaac0a9a6cf,
    type: 2}
  m_PrefabInternal: {fileID: 1980884457}
  m_GameObject: {fileID: 1373652307}
  m_Material: {fileID: 0}
  m_IsTrigger: 0
  m_Enabled: 1
  serializedVersion: 2
  m_Radius: 0.5
  m_Center: {x: 0, y: 0, z: 0}
--- !u!33 &1373652311
MeshFilter:
  m_ObjectHideFlags: 0
  m_CorrespondingSourceObject: {fileID: 33338442592528420, guid: 88c20de6c1dc0f04abeaffaac0a9a6cf,
    type: 2}
  m_PrefabInternal: {fileID: 1980884457}
  m_GameObject: {fileID: 1373652307}
  m_Mesh: {fileID: 10207, guid: 0000000000000000e000000000000000, type: 0}
--- !u!1 &1463403429
GameObject:
  m_ObjectHideFlags: 0
  m_CorrespondingSourceObject: {fileID: 1810280545766114, guid: 88c20de6c1dc0f04abeaffaac0a9a6cf,
    type: 2}
  m_PrefabInternal: {fileID: 1980884457}
  serializedVersion: 6
  m_Component:
  - component: {fileID: 1463403430}
  - component: {fileID: 1463403433}
  - component: {fileID: 1463403432}
  - component: {fileID: 1463403431}
  m_Layer: 12
  m_Name: Cube
  m_TagString: Untagged
  m_Icon: {fileID: 0}
  m_NavMeshLayer: 0
  m_StaticEditorFlags: 4294967295
  m_IsActive: 1
--- !u!4 &1463403430
Transform:
  m_ObjectHideFlags: 0
  m_CorrespondingSourceObject: {fileID: 4628340601042456, guid: 88c20de6c1dc0f04abeaffaac0a9a6cf,
    type: 2}
  m_PrefabInternal: {fileID: 1980884457}
  m_GameObject: {fileID: 1463403429}
  m_LocalRotation: {x: -0, y: -0, z: -0, w: 1}
  m_LocalPosition: {x: 0, y: -0.70000005, z: 0}
  m_LocalScale: {x: 1, y: 1, z: 1}
  m_Children: []
  m_Father: {fileID: 966894898}
  m_RootOrder: 0
  m_LocalEulerAnglesHint: {x: 0, y: 0, z: 0}
--- !u!23 &1463403431
MeshRenderer:
  m_ObjectHideFlags: 0
  m_CorrespondingSourceObject: {fileID: 23006185736301576, guid: 88c20de6c1dc0f04abeaffaac0a9a6cf,
    type: 2}
  m_PrefabInternal: {fileID: 1980884457}
  m_GameObject: {fileID: 1463403429}
  m_Enabled: 1
  m_CastShadows: 1
  m_ReceiveShadows: 1
  m_DynamicOccludee: 1
  m_MotionVectors: 1
  m_LightProbeUsage: 1
  m_ReflectionProbeUsage: 2
  m_RenderingLayerMask: 4294967295
  m_Materials:
  - {fileID: 2100000, guid: db3bceb128d32144ca6fd4550ac256bc, type: 2}
  m_StaticBatchInfo:
    firstSubMesh: 0
    subMeshCount: 0
  m_StaticBatchRoot: {fileID: 0}
  m_ProbeAnchor: {fileID: 0}
  m_LightProbeVolumeOverride: {fileID: 0}
  m_ScaleInLightmap: 1
  m_PreserveUVs: 1
  m_IgnoreNormalsForChartDetection: 0
  m_ImportantGI: 0
  m_StitchLightmapSeams: 0
  m_SelectedEditorRenderState: 3
  m_MinimumChartSize: 4
  m_AutoUVMaxDistance: 0.5
  m_AutoUVMaxAngle: 89
  m_LightmapParameters: {fileID: 0}
  m_SortingLayerID: 0
  m_SortingLayer: 0
  m_SortingOrder: 0
--- !u!65 &1463403432
BoxCollider:
  m_ObjectHideFlags: 0
  m_CorrespondingSourceObject: {fileID: 65562705914139494, guid: 88c20de6c1dc0f04abeaffaac0a9a6cf,
    type: 2}
  m_PrefabInternal: {fileID: 1980884457}
  m_GameObject: {fileID: 1463403429}
  m_Material: {fileID: 0}
  m_IsTrigger: 0
  m_Enabled: 1
  serializedVersion: 2
  m_Size: {x: 1, y: 1, z: 1}
  m_Center: {x: 0, y: 0, z: 0}
--- !u!33 &1463403433
MeshFilter:
  m_ObjectHideFlags: 0
  m_CorrespondingSourceObject: {fileID: 33193202093693560, guid: 88c20de6c1dc0f04abeaffaac0a9a6cf,
    type: 2}
  m_PrefabInternal: {fileID: 1980884457}
  m_GameObject: {fileID: 1463403429}
  m_Mesh: {fileID: 10202, guid: 0000000000000000e000000000000000, type: 0}
--- !u!1 &1482317880
GameObject:
  m_ObjectHideFlags: 0
  m_CorrespondingSourceObject: {fileID: 1139115104988334, guid: 88c20de6c1dc0f04abeaffaac0a9a6cf,
    type: 2}
  m_PrefabInternal: {fileID: 1980884457}
  serializedVersion: 6
  m_Component:
  - component: {fileID: 1482317881}
  - component: {fileID: 1482317884}
  - component: {fileID: 1482317883}
  - component: {fileID: 1482317882}
  m_Layer: 8
  m_Name: Sphere
  m_TagString: Untagged
  m_Icon: {fileID: 0}
  m_NavMeshLayer: 0
  m_StaticEditorFlags: 4294967295
  m_IsActive: 1
--- !u!4 &1482317881
Transform:
  m_ObjectHideFlags: 0
  m_CorrespondingSourceObject: {fileID: 4138420152205064, guid: 88c20de6c1dc0f04abeaffaac0a9a6cf,
    type: 2}
  m_PrefabInternal: {fileID: 1980884457}
  m_GameObject: {fileID: 1482317880}
  m_LocalRotation: {x: -0, y: -0, z: -0, w: 1}
  m_LocalPosition: {x: 0, y: 1.2, z: 0}
  m_LocalScale: {x: 1, y: 1, z: 1}
  m_Children:
  - {fileID: 322495876}
  - {fileID: 1882256161}
  m_Father: {fileID: 636976552}
  m_RootOrder: 0
  m_LocalEulerAnglesHint: {x: 0, y: 0, z: 0}
--- !u!23 &1482317882
MeshRenderer:
  m_ObjectHideFlags: 0
  m_CorrespondingSourceObject: {fileID: 23511426113429424, guid: 88c20de6c1dc0f04abeaffaac0a9a6cf,
    type: 2}
  m_PrefabInternal: {fileID: 1980884457}
  m_GameObject: {fileID: 1482317880}
  m_Enabled: 1
  m_CastShadows: 1
  m_ReceiveShadows: 1
  m_DynamicOccludee: 1
  m_MotionVectors: 1
  m_LightProbeUsage: 1
  m_ReflectionProbeUsage: 1
  m_RenderingLayerMask: 4294967295
  m_Materials:
  - {fileID: 2100000, guid: 1b27a20a436b4c64b882a6f739bf91de, type: 2}
  m_StaticBatchInfo:
    firstSubMesh: 0
    subMeshCount: 0
  m_StaticBatchRoot: {fileID: 0}
  m_ProbeAnchor: {fileID: 0}
  m_LightProbeVolumeOverride: {fileID: 0}
  m_ScaleInLightmap: 1
  m_PreserveUVs: 1
  m_IgnoreNormalsForChartDetection: 0
  m_ImportantGI: 0
  m_StitchLightmapSeams: 0
  m_SelectedEditorRenderState: 3
  m_MinimumChartSize: 4
  m_AutoUVMaxDistance: 0.5
  m_AutoUVMaxAngle: 89
  m_LightmapParameters: {fileID: 0}
  m_SortingLayerID: 0
  m_SortingLayer: 0
  m_SortingOrder: 0
--- !u!135 &1482317883
SphereCollider:
  m_ObjectHideFlags: 0
  m_CorrespondingSourceObject: {fileID: 135546264044914442, guid: 88c20de6c1dc0f04abeaffaac0a9a6cf,
    type: 2}
  m_PrefabInternal: {fileID: 1980884457}
  m_GameObject: {fileID: 1482317880}
  m_Material: {fileID: 0}
  m_IsTrigger: 0
  m_Enabled: 1
  serializedVersion: 2
  m_Radius: 0.5
  m_Center: {x: 0, y: 0, z: 0}
--- !u!33 &1482317884
MeshFilter:
  m_ObjectHideFlags: 0
  m_CorrespondingSourceObject: {fileID: 33105653230305072, guid: 88c20de6c1dc0f04abeaffaac0a9a6cf,
    type: 2}
  m_PrefabInternal: {fileID: 1980884457}
  m_GameObject: {fileID: 1482317880}
  m_Mesh: {fileID: 10207, guid: 0000000000000000e000000000000000, type: 0}
--- !u!1 &1882256160
GameObject:
  m_ObjectHideFlags: 0
  m_CorrespondingSourceObject: {fileID: 1228426782513836, guid: 88c20de6c1dc0f04abeaffaac0a9a6cf,
    type: 2}
  m_PrefabInternal: {fileID: 1980884457}
  serializedVersion: 6
  m_Component:
  - component: {fileID: 1882256161}
  - component: {fileID: 1882256164}
  - component: {fileID: 1882256163}
  - component: {fileID: 1882256162}
  m_Layer: 8
  m_Name: Cube
  m_TagString: Untagged
  m_Icon: {fileID: 0}
  m_NavMeshLayer: 0
  m_StaticEditorFlags: 4294967295
  m_IsActive: 1
--- !u!4 &1882256161
Transform:
  m_ObjectHideFlags: 0
  m_CorrespondingSourceObject: {fileID: 4137155754746954, guid: 88c20de6c1dc0f04abeaffaac0a9a6cf,
    type: 2}
  m_PrefabInternal: {fileID: 1980884457}
  m_GameObject: {fileID: 1882256160}
  m_LocalRotation: {x: -0, y: -0, z: -0, w: 1}
  m_LocalPosition: {x: 0, y: -0.70000005, z: 0}
  m_LocalScale: {x: 1, y: 1, z: 1}
  m_Children: []
  m_Father: {fileID: 1482317881}
  m_RootOrder: 1
  m_LocalEulerAnglesHint: {x: 0, y: 0, z: 0}
--- !u!23 &1882256162
MeshRenderer:
  m_ObjectHideFlags: 0
  m_CorrespondingSourceObject: {fileID: 23589372559137094, guid: 88c20de6c1dc0f04abeaffaac0a9a6cf,
    type: 2}
  m_PrefabInternal: {fileID: 1980884457}
  m_GameObject: {fileID: 1882256160}
  m_Enabled: 1
  m_CastShadows: 1
  m_ReceiveShadows: 1
  m_DynamicOccludee: 1
  m_MotionVectors: 1
  m_LightProbeUsage: 1
  m_ReflectionProbeUsage: 2
  m_RenderingLayerMask: 4294967295
  m_Materials:
  - {fileID: 2100000, guid: 1b27a20a436b4c64b882a6f739bf91de, type: 2}
  m_StaticBatchInfo:
    firstSubMesh: 0
    subMeshCount: 0
  m_StaticBatchRoot: {fileID: 0}
  m_ProbeAnchor: {fileID: 0}
  m_LightProbeVolumeOverride: {fileID: 0}
  m_ScaleInLightmap: 1
  m_PreserveUVs: 1
  m_IgnoreNormalsForChartDetection: 0
  m_ImportantGI: 0
  m_StitchLightmapSeams: 0
  m_SelectedEditorRenderState: 3
  m_MinimumChartSize: 4
  m_AutoUVMaxDistance: 0.5
  m_AutoUVMaxAngle: 89
  m_LightmapParameters: {fileID: 0}
  m_SortingLayerID: 0
  m_SortingLayer: 0
  m_SortingOrder: 0
--- !u!65 &1882256163
BoxCollider:
  m_ObjectHideFlags: 0
  m_CorrespondingSourceObject: {fileID: 65163136216855282, guid: 88c20de6c1dc0f04abeaffaac0a9a6cf,
    type: 2}
  m_PrefabInternal: {fileID: 1980884457}
  m_GameObject: {fileID: 1882256160}
  m_Material: {fileID: 0}
  m_IsTrigger: 0
  m_Enabled: 1
  serializedVersion: 2
  m_Size: {x: 1, y: 1, z: 1}
  m_Center: {x: 0, y: 0, z: 0}
--- !u!33 &1882256164
MeshFilter:
  m_ObjectHideFlags: 0
  m_CorrespondingSourceObject: {fileID: 33456869383265282, guid: 88c20de6c1dc0f04abeaffaac0a9a6cf,
    type: 2}
  m_PrefabInternal: {fileID: 1980884457}
  m_GameObject: {fileID: 1882256160}
  m_Mesh: {fileID: 10202, guid: 0000000000000000e000000000000000, type: 0}
--- !u!1001 &1980884457
Prefab:
  m_ObjectHideFlags: 0
  serializedVersion: 2
  m_Modification:
    m_TransformParent: {fileID: 0}
    m_Modifications:
    - target: {fileID: 4934344442018756, guid: 88c20de6c1dc0f04abeaffaac0a9a6cf, type: 2}
      propertyPath: m_LocalPosition.x
      value: 0
      objectReference: {fileID: 0}
    - target: {fileID: 4934344442018756, guid: 88c20de6c1dc0f04abeaffaac0a9a6cf, type: 2}
      propertyPath: m_LocalPosition.y
      value: 0
      objectReference: {fileID: 0}
    - target: {fileID: 4934344442018756, guid: 88c20de6c1dc0f04abeaffaac0a9a6cf, type: 2}
      propertyPath: m_LocalPosition.z
      value: 0
      objectReference: {fileID: 0}
    - target: {fileID: 4934344442018756, guid: 88c20de6c1dc0f04abeaffaac0a9a6cf, type: 2}
      propertyPath: m_LocalRotation.x
      value: 0
      objectReference: {fileID: 0}
    - target: {fileID: 4934344442018756, guid: 88c20de6c1dc0f04abeaffaac0a9a6cf, type: 2}
      propertyPath: m_LocalRotation.y
      value: 0
      objectReference: {fileID: 0}
    - target: {fileID: 4934344442018756, guid: 88c20de6c1dc0f04abeaffaac0a9a6cf, type: 2}
      propertyPath: m_LocalRotation.z
      value: 0
      objectReference: {fileID: 0}
    - target: {fileID: 4934344442018756, guid: 88c20de6c1dc0f04abeaffaac0a9a6cf, type: 2}
      propertyPath: m_LocalRotation.w
      value: 1
      objectReference: {fileID: 0}
    - target: {fileID: 4934344442018756, guid: 88c20de6c1dc0f04abeaffaac0a9a6cf, type: 2}
      propertyPath: m_RootOrder
      value: 1
      objectReference: {fileID: 0}
    m_RemovedComponents: []
  m_SourcePrefab: {fileID: 100100000, guid: 88c20de6c1dc0f04abeaffaac0a9a6cf, type: 2}
  m_RootGameObject: {fileID: 636976551}
  m_IsPrefabAsset: 0
